4274 5834
964 488 977 492 -
1027 396 1113 492 Π.-
1166 487 1174 493 .

283 582 356 647 Duo
378 589 454 646 suut
475 582 545 656 loci,
568 583 686 665 quibus
709 583 748 645 ad
770 583 852 645 hanc
872 600 940 644 rem
964 581 1201 645 diiudicandam
1225 583 1370 647 homines
1393 584 1475 646 docti
1499 589 1650 646 utuntm·:
1674 602 1701 643 v.
1725 585 1867 648 33-36:

811 675 868 747 τὸν
890 673 1007 762 δ’ἒμόι1
1030 680 1134 767 δῆμον
1157 684 1290 761 ποδῶν,

686 770 724 858 ὃς
746 772 958 846 οδδοπιόποτ>
982 772 1086 859 εἶπεν,
1108 771 1280 866 diapasoa
1302 780 1402 865 πρίω,

687 873 746 945 οὖν.
769 871 854 960 ὅξος,
878 873 938 946 οὐκ
961 877 1082 958 ἔλαιον,
1108 875 1177 947 οὐδ’
1201 872 1271 971 ιἤδει
1297 880 1397 966 πρίω,

685 973 756 1047 ἀλλ’
780 974 880 1057 αὐτὸς
903 976 996 1069 ἔφερε
1019 975 1128 1046 πάντα
1148 974 1195 1061 χώ
1220 980 1328 1068 πρίων
1349 976 1449 1071 ἀπῆν.

152 1069 188 1149 ¹et
209 1105 238 1145 v.
262 1085 338 1148 406:

689 1178 919 1259 Δικαιόπολις
941 1181 1033 1246 καλεῖ
1056 1204 1092 1246 σε
1115 1181 1311 1271 Χολλείδης,
1335 1180 1409 1270 ἐγώ.

159 1300 229 1364 Ηοο
252 1303 351 1384 igitur
376 1322 468 1366 versu
490 1300 692 1386 Dicaeopolis
715 1301 949 1365 Chollidensem
972 1320 1006 1364 se
1028 1321 1097 1366 esse
1120 1303 1213 1382 dicit,
1237 1323 1277 1367 ex
1296 1306 1361 1368 illis
1380 1312 1485 1369 autem
1506 1303 1620 1384 verbis
1642 1324 1836 1387 quamquam
1855 1307 1975 1370 Achar-

159 1403 310 1465 nensium
339 1405 412 1486 pagi
443 1423 507 1466 non
537 1405 697 1486 expressis
727 1401 832 1465 verbis
862 1403 981 1465 mentio
1009 1402 1053 1482 fit,
1082 1410 1186 1467 tamen
1219 1405 1366 1468 nonnulli
1394 1407 1620 1468 concluserunt
1641 1405 1716 1467 huic
1737 1425 1817 1488 pago
1840 1406 1975 1470 Dicaeo-

156 1502 245 1585 polin
284 1502 530 1566 adscribendum
569 1524 638 1567 esse
673 1509 812 1567 veterem
851 1509 976 1565 nostrae
1013 1502 1138 1567 fabulae
1166 1507 1369 1589 interpretem
1393 1507 1502 1585 secuti,
1532 1507 1587 1588 qui
1618 1506 1657 1567 ad
1688 1493 1859 1588 ἄνθρακος
1882 1503 1974 1590 πρίω

158 1602 302 1665 adnotat:
343 1604 442 1668 ἰοἷπο
461 1595 639 1686 Ἀχαρνέων
660 1597 758 1667 ἴδιον.
790 1588 881 1665 οὗτοι
908 1601 945 1666 δὲ
967 1597 1221 1685 πολυάνδροκες
1242 1603 1300 1668 καὶ
1324 1597 1361 1670 οὗ
1384 1599 1530 1685 δεόμενοι
1557 1597 1634 1690 παρ’
1657 1594 1767 1668 ἄλλων
1789 1603 1973 1690 πρίασθαι.

157 1703 209 1765 Ad
241 1723 371 1767 versum
402 1712 508 1769 autem
538 1706 600 1768 406
630 1705 773 1767 adnotat:
806 1705 910 1788 δῆμος
937 1706 996 1792 τῆς
1026 1701 1197 1792 Αἰγηΐδος
1226 1706 1332 1793 φυλῆς
1355 1696 1374 1793 ἢ
1397 1701 1511 1782 παίζει
1535 1699 1592 1769 διὰ
1618 1700 1651 1770 ιδ
1673 1700 1799 1784 χωλοὺς
1821 1702 1974 1791 εἰςάγειν.

162 1802 258 1867 Putat
280 1807 379 1888 igitur
400 1803 606 1890 Dicaeopolin
636 1824 700 1868 non
733 1824 767 1868 re
796 1825 871 1868 vera
900 1825 969 1869 esse
992 1805 1228 1871 (lhollidensem
1258 1809 1313 1871 sed
1338 1807 1479 1870 alludere
1502 1812 1625 1869 tantum
1648 1806 1707 1869 hoc
1730 1806 1825 1870 verbo
1848 1810 1975 1873 Aristo-

157 1904 295 1988 phanem
326 1905 366 1968 ad
396 1907 526 1970 claudos
549 1899 699 1987 (χωλούς)
722 1906 876 1986 homines,
906 1926 985 1989 quos
1005 1906 1175 1990 Euripides
1197 1909 1230 1970 in
1254 1896 1409 1971 scaenam
1424 1907 1596 1990 producere
1618 1906 1745 1969 solebat.
1792 1909 1976 1973 assentitur

158 2010 264 2067 autem
293 2006 369 2068 huic
398 2008 573 2071 sententiae
595 2005 748 2070 Albertus
770 2005 944 2069 Muellerus
973 2006 1012 2068 ad
1044 2027 1170 2071 versum
1201 2009 1278 2072 406:
1312 2007 1436 2089 „Quum
1470 2026 1544 2070 vero
1565 2005 1766 2089 Dicaeopolis
1795 2011 1975 2074 secundum

158 2124 286 2169 versum
310 2108 350 2168 34
373 2109 414 2171 sit
436 2108 661 2186 AcharncnsiS,
690 2113 721 2170 et
743 2105 960 2169 Chollidarum
981 2127 1082 2190 pagus
1104 2108 1256 2173 carbones
1278 2129 1344 2172 non
1366 2107 1485 2187 habeat,
1508 2108 1711 2170 statuendum
1735 2114 1781 2170 est
1804 2128 1877 2172 eum
1900 2111 1930 2172 h.
1954 2113 1974 2174 l.

156 2206 196 2268 ad
229 2207 480 2270 misericordiam
501 2207 666 2291 Euripidis
695 2208 885 2271 movendam
915 2209 1035 2271 comice
1063 2208 1257 2272 alludentem
1284 2209 1323 2272 ad
1344 2201 1451 2287 χωλός
1473 2227 1507 2271 se
1530 2207 1706 2271 Chollidam
1730 2215 1866 2272 vocare.“
1911 2211 1976 2275 Sed

155 2305 353 2370 Ribbeclrius
365 2309 386 2387 ¹)
422 2313 453 2370 et
483 2307 767 2386 Senoemannius2)
805 2309 982 2371 rectissime
1017 2308 1128 2371 dicunt
1165 2310 1246 2373 hanc
1277 2304 1463 2392 Χολλείδης
1493 2310 1580 2370 vocis
1610 2309 1856 2391 explicationem
1885 2330 1977 2392 „esse

158 2407 257 2470 nimis
288 2408 382 2491 longe
411 2409 576 2491 repetitam
607 2413 637 2471 et
665 2409 809 2490 argutius
840 2428 934 2491 quarn
967 2407 1164 2491 probabilius
1194 2411 1429 2494 excogitatam.“
1473 2407 1543 2483 Qua
1573 2409 1610 2470 de
1637 2428 1732 2471 causa
1755 2409 1976 2475 Ohollldarum

156 2527 237 2591 pago
270 2507 477 2591 Dicaeopolin
515 2506 555 2570 ab
584 2509 797 2592 Aristophane
832 2511 1030 2592 assignatum
1067 2528 1135 2573 esse
1172 2511 1358 2592 putaverim.
1421 2509 1596 2572 Videamus
1632 2516 1737 2572 autem
1769 2531 1863 2591 nunc,
1892 2532 1976 2576 num

71 2633 87 2660 ο
155 2627 269 2672 versus
292 2611 333 2673 34
354 2609 430 2672 huie
452 2610 627 2673 sententiae
649 2608 773 2673 obstet.

282 2726 373 2802 Quod
414 2748 472 2810 ego
515 2727 644 2810 quidem
677 2745 766 2810 nego.
809 2726 849 2789 m
882 2730 977 2808 enim,
1009 2729 1065 2811 qui
1097 2727 1337 2792 Acharnensem
1370 2746 1438 2791 esse
1470 2727 1677 2810 Dicaeopolin
1711 2748 1751 2790 ex
1785 2730 1844 2792 hoc
1876 2751 1976 2796 versu

156 2827 360 2908 concludunt,
390 2829 478 2891 velut
507 2827 683 2907 scholiasta,
713 2847 809 2908 quem
835 2829 981 2911 sequitur
1002 2827 1175 2891 Muellerus
1198 2833 1229 2891 et
1250 2846 1290 2890 ex
1312 2831 1400 2910 parte
1420 2826 1625 2907 Ribbeckius,
1648 2830 1745 2891 nimis
1766 2831 1976 2911 pertinaciter

157 2928 306 2991 nituntur
327 2916 498 3009 ἄνθρακας
519 2946 605 2991 voce.
649 2921 735 3001 Quin
758 2928 853 2991 etiam
875 2948 939 2992 non
962 2929 1001 2993 de
1022 2928 1180 2991 Acharnis
1206 2928 1337 3010 cogitari
1364 2947 1456 3009 posse
1479 2949 1520 2992 ex
1540 2919 1634 2992 εἶπεν
1657 2929 1811 2993 vocabulo
1833 2938 1973 3014 apparet.

155 3027 239 3090 Nam
277 3030 408 3112 plurimi
447 3029 544 3091 huius
579 3029 652 3112 pagi
684 3029 814 3110 incolae,
845 3031 962 3113 quippe
992 3030 1048 3112 qui
1077 3029 1112 3091 in
1142 3026 1333 3091 carbonibus
1364 3027 1404 3090 de
1435 3027 1522 3110 ligno
1556 3031 1731 3111 coquendis
1759 3038 1974 3114 versarentur,

154 3134 190 3192 ut
225 3131 349 3212 copiam
386 3128 559 3192 carbonum
597 3128 778 3209 venderent,
814 3131 848 3191 in
884 3132 956 3195 aliis
992 3132 1117 3193 Atticae
1157 3127 1342 3211 regionibus
1378 3128 1434 3191 has
1473 3147 1593 3192 merces
1630 3150 1704 3192 snas
1740 3151 1855 3212 magna
1894 3152 1974 3196 voce

154 3231 318 3294 venditare
347 3231 446 3293 coacti
476 3232 571 3293 erant.
629 3227 678 3293 Da
704 3230 818 3293 horum
840 3232 939 3314 igitur
960 3234 1102 3295 virorum
1132 3247 1213 3313 pago
1242 3227 1338 3290 verba
1367 3216 1404 3304 ὃς
1432 3218 1644 3293 odoranno&
1672 3220 1775 3307 εἶπεν,
1797 3219 1972 3314 ἄνθρακας

154 3325 244 3413 πρίω
276 3332 365 3395 nullo
396 3331 491 3395 modo
514 3330 577 3392 dici
598 3335 740 3412 possunt.
784 3330 854 3406 Qua
876 3332 914 3395 de
936 3351 1032 3396 causa
1054 3352 1118 3395 non
1141 3349 1220 3413 opus
1242 3335 1289 3393 est
1310 3328 1488 3403 artificiosa,
1520 3350 1615 3412 quam
1638 3329 1834 3395 Ribbeclrlus
1857 3334 1896 3396 de
1919 3335 1971 3397 his

155 3431 304 3495 versibus
336 3433 419 3511 t'aoit,
452 3432 718 3514 interpretatione.
770 3431 834 3495 Hic
863 3434 949 3496 enim
992 3451 1185 3516 quamquam
1219 3449 1260 3493 ex
1293 3449 1388 3493 versu
1417 3429 1479 3493 406
1509 3429 1715 3514 Dicaeopolin
1751 3431 1971 3497 Chollidarum

154 3552 236 3617 pago
285 3533 481 3616 adscriptum
522 3550 591 3596 esse
636 3534 780 3614 coniecit,
831 3538 937 3596 tamen
984 3553 1025 3597 ex
1065 3552 1160 3597 versu
1197 3533 1240 3594 34
1277 3530 1447 3612 concludit,
1486 3530 1693 3614 Dicaeopolin
1733 3532 1972 3599 Chollidensem

154 3632 313 3698 Acharnis
340 3632 455 3696 habere
483 3632 659 3715 praedium,
689 3639 719 3696 et
748 3634 807 3696 hoc
832 3635 862 3697 ei
891 3653 960 3698 esse
981 3635 1016 3696 in
1038 3632 1153 3695 animo.
1197 3629 1289 3707 Quod
1312 3637 1417 3695 autem
1440 3629 1645 3712 Bu(rsianus)
1667 3633 1701 3692 in
1724 3633 1971 3698 accensionibus

153 3735 331 3798 editionum
375 3738 501 3797 nostrae
539 3732 667 3796 fabulae
703 3755 723 3796 a
760 3732 912 3798 Muellero
947 3737 979 3797 et
1007 3731 1182 3796 Ribbeckio
1216 3732 1436 3795 institutarum
1468 3732 1546 3795 dicit
1560 3732 1584 3813 Β)
1624 3732 1675 3795 his
1708 3732 1814 3795 verbis
1847 3736 1967 3817 opponi

153 3835 318 3898 Achamas
351 3840 382 3898 et
414 3853 532 3917 pagum
564 3831 808 3916 Dicaeopolidis,
841 3853 905 3898 non
937 3833 1045 3916 probo,
1075 3832 1159 3916 quod
1191 3833 1321 3896 omnino
1354 3850 1434 3915 nego
1470 3833 1504 3894 in
1535 3832 1585 3894 his
1621 3832 1726 3896 verbis
1760 3834 1970 3915 cogitandum

154 3935 284 3999 esseda
308 3934 472 3998 Achamis.

279 4033 492 4098 Chollldensis
514 4035 613 4118 igitur
634 4034 697 4097 fuit
717 4033 926 4117 DicaeopoliS,
961 4053 1155 4118 quamquam
1176 4032 1316 4115 Hauptio
1325 4034 1350 4110 ⁴)
1372 4031 1509 4096 libenter
1530 4034 1667 4097 concedo
1690 4035 1785 4096 etiam
1808 4036 1862 4096 alii
1884 4055 1969 4118 pago

151 4140 277 4218 poetam
306 4137 448 4218 potuisse
479 4154 553 4199 eum
583 4133 769 4215 adscribere,
799 4136 950 4217 quoniam
979 4135 1039 4198 hoo
1066 4152 1184 4197 nomen
1212 4152 1268 4216 per
1297 4137 1395 4195 totam
1421 4131 1562 4197 fabulam
1584 4133 1665 4195 nihil
1688 4133 1781 4196 habet
1803 4137 1968 4198 momenti.

152 4233 215 4299 Sed
244 4235 503 4319 quandoquidem
526 4234 755 4318 Aristophanes
778 4234 1011 4299 Chollidensem
1035 4235 1109 4299 fecit
1131 4232 1398 4317 Dicaeopolidem,
1424 4236 1458 4298 in
1480 4234 1540 4298 hoc
1561 4253 1641 4316 pago
1665 4253 1776 4296 versus
1798 4235 1967 4297 234-346

152 4341 238 4399 actos
261 4354 330 4399 esse
350 4336 540 4400 indicamus.

277 4434 394 4517 Restat,
418 4444 452 4499 ut
475 4438 514 4501 de
541 4455 672 4500 scaenae
702 4441 823 4514 ornatu,
855 4437 959 4519 qualis
987 4437 1087 4499 fuisse
1109 4436 1262 4519 videatur,
1293 4456 1432 4521 agamus.
1476 4434 1576 4498 Cuius
1605 4437 1649 4498 rei
1675 4455 1748 4498 cum
1771 4444 1856 4497 certa
1878 4438 1967 4497 testi-

151 4539 259 4601 monia
281 4535 374 4599 nobis
397 4536 511 4599 tradita
532 4557 597 4600 non
620 4538 693 4618 sint,
715 4538 822 4599 omnia
844 4556 925 4620 quae
948 4536 987 4600 da
1008 4557 1045 4600 ea
1066 4537 1129 4601 dici
1151 4543 1294 4621 possunt,
1316 4535 1560 4602 similitudinem
1583 4537 1677 4598 modo
1700 4537 1766 4599 veri
1790 4533 1915 4597 hahent.

276 4636 325 4701 Ac
342 4639 483 4720 primum
506 4637 636 4720 quidem
659 4636 876 4720 quaerendum
899 4643 954 4717 cst,
977 4638 1135 4719 quomodo
1157 4638 1243 4719 haec,
1265 4658 1360 4720 quam
1384 4656 1480 4720 supra
1502 4636 1801 4716 demonstravimus,
1824 4638 1967 4718 regionis

151 4741 284 4802 mutatio
306 4739 341 4801 in
365 4757 478 4802 scaena
500 4737 677 4821 significata
698 4739 747 4801 sit.
790 4735 967 4800 Indicatam
989 4739 1075 4800 enim
1098 4756 1166 4801 eam
1190 4757 1259 4802 essa
1280 4757 1337 4822 pro
1360 4744 1444 4801 certo
1463 4736 1571 4801 habeo.
1615 4733 1858 4799 Demonstrasse
1877 4739 1965 4800 eninr

151 4838 230 4900 mihi
245 4839 372 4902 videtur
382 4837 639 4903 Schoenbornius
649 4837 673 4920 ⁵)
696 4856 828 4901 scaenae
849 4839 1001 4921 parietem
1024 4844 1136 4901 ornatu
1151 4836 1251 4901 fuisse
1267 4840 1468 4918 instructum,
1483 4844 1519 4900 ut
1530 4838 1580 4900 rel
1592 4837 1667 4899 inde
1681 4844 1826 4919 appareat
1840 4839 1967 4902 actione

291 5078 309 5144 ¹)
328 5077 361 5131 ad
381 5095 405 5130 r.
424 5081 475 5133 406
494 5077 573 5145 (3Ἱ6).
612 5074 674 5144 'lp
697 5079 752 5130 189.
790 5074 1024 5142 ⁸)Literarisohes
1043 5074 1217 5130 Centralblatt
1237 5078 1302 5131 1864
1321 5094 1345 5144 p.
1366 5081 1399 5132 87
1419 5080 1446 5128 et
1463 5074 1480 5128 l.
1498 5074 1515 5127 l.
1539 5078 1603 5129 1865
1624 5091 1646 5141 p.
1663 5079 1735 5129 1009.
1777 5074 1964 5140 ι)1.1.μ,459.

150 5161 170 5230 ³)
189 5161 205 5214 l.
224 5160 241 5215 1.
261 5179 285 5231 p.
304 5167 346 5217 30.
